%__________________________________________________________________________________________________________
%
% 	BIB 
%__________________________________________________________________________________________________________
@article{NameYear,
author = {Last Name, Name},
journal = {A Journal},
number = {5},
pages = {1--100},
title = {{The title}},
url = {http://www.web.site},
volume = {2},
year = {2015}
}
